<?xml version="1.0" encoding="UTF-8"?><record xmlns="http://www.loc.gov/MARC21/slim" xmlns:cinclude="http://apache.org/cocoon/include/1.0" xmlns:zs="http://www.loc.gov/zing/srw/">
  <leader>00887cz  a2200157n  4500</leader>
  <controlfield tag="001">n  88664090 </controlfield>
  <controlfield tag="003">DLC</controlfield>
  <controlfield tag="005">20130315101937.0</controlfield>
  <controlfield tag="008">880928n| azannaab           |b and      </controlfield>
  <datafield tag="010" ind1=" " ind2=" ">
    <subfield code="a">n  88664090 </subfield>
  </datafield>
  <datafield tag="040" ind1=" " ind2=" ">
    <subfield code="a">DLC</subfield>
    <subfield code="b">eng</subfield>
    <subfield code="e">rda</subfield>
    <subfield code="c">DLC</subfield>
    <subfield code="d">DLC</subfield>
  </datafield>
  <datafield tag="110" ind1="2" ind2=" ">
    <subfield code="a">Philadelphia Inquirer and Daily News (Firm).</subfield>
    <subfield code="b">Marketing and Research Department</subfield>
  </datafield>
  <datafield tag="410" ind1="2" ind2=" ">
    <subfield code="w">nnea</subfield>
    <subfield code="a">Philadelphia Inquirer and Daily News (Firm).</subfield>
    <subfield code="b">Marketing and Research Dept.</subfield>
  </datafield>
  <datafield tag="510" ind1="2" ind2=" ">
    <subfield code="w">r</subfield>
    <subfield code="i">Hierarchical superior:</subfield>
    <subfield code="a">Philadelphia Inquirer and Daily News (Firm)</subfield>
  </datafield>
  <datafield tag="670" ind1=" " ind2=" ">
    <subfield code="a">nuc88-109831: Major retail centers in ... 1985?</subfield>
    <subfield code="b">(hdg. on NjR rept.: Philadelphia Inquirer &amp; Daily News. Marketing and Research Dept.; usage: Marketing and Research Dept., Philadelphia Inquirer &amp; Daily News)</subfield>
  </datafield>
  <datafield tag="670" ind1=" " ind2=" ">
    <subfield code="a">nuc88-115860: Population/race/households in ... 1983?</subfield>
    <subfield code="b">(usage on NjR rept.: Marketing and Research Department, Philadelphia Inquirer and Daily News)</subfield>
  </datafield>
</record>